<?xml version="1.0" encoding="UTF-8"?><collection xmlns="http://www.loc.gov/MARC21/slim"><record><leader>00426nam--2200133-i-4500</leader><controlfield tag="001">000002319</controlfield><controlfield tag="002">20161230</controlfield><controlfield tag="005">20161230201025</controlfield><controlfield tag="008">060222s1000------------r-----000-0-eng-d</controlfield><datafield ind1=" " ind2=" " tag="080"><subfield code="a">539.1:541.182.4/6.015</subfield></datafield><datafield ind1=" " ind2=" " tag="100"><subfield code="a">Filhol, Alain</subfield></datafield><datafield ind1=" " ind2=" " tag="245"><subfield code="a">Contribution a l etude de la molecule d hexogene dans le cristal et a l,etat libre ou en solution. these</subfield></datafield><datafield ind1=" " ind2=" " tag="260"><subfield code="a">Bordeaux, L Universite De Bordeaux I. 1971. 124 P</subfield></datafield><datafield ind1=" " ind2=" " tag="852"><subfield code="a">38053</subfield></datafield></record></collection>